<record><leader>00000cas a2200000Ma 4500</leader><controlfield tag="001">10769312</controlfield><controlfield tag="008">840524d186018uumaucr ne      0    0eng d</controlfield><controlfield tag="009">330</controlfield><datafield ind1=" " ind2=" " tag="010"><subfield code="a">sn 84023106 </subfield></datafield><datafield ind1=" " ind2=" " tag="040"><subfield code="a">AQM</subfield><subfield code="b">eng</subfield><subfield code="c">AQM</subfield></datafield><datafield ind1="0" ind2="4" tag="245"><subfield code="a">The Campaign union.</subfield></datafield><datafield ind1=" " ind2=" " tag="260"><subfield code="a">Boston [Mass.] :</subfield><subfield code="b">John Clark &amp; Co.,</subfield><subfield code="c">1860- .</subfield></datafield><datafield ind1=" " ind2=" " tag="300"><subfield code="a">v. ;</subfield><subfield code="c">65 cm.</subfield></datafield><datafield ind1=" " ind2=" " tag="310"><subfield code="a">Semiweekly,</subfield><subfield code="b">Sept. 18, 1860-</subfield></datafield><datafield ind1=" " ind2=" " tag="321"><subfield code="a">Weekly,</subfield><subfield code="b">July 27-Sept. 11, 1860</subfield></datafield><datafield ind1="0" ind2=" " tag="362"><subfield code="a">No. 3 (July 27, 1860)-</subfield></datafield><datafield ind1=" " ind2=" " tag="500"><subfield code="a">Campaign paper of the Constitutional Union Party.</subfield></datafield><datafield ind1=" " ind2=" " tag="580"><subfield code="a">Other ed.: Boston daily courier.</subfield></datafield><datafield ind1=" " ind2="7" tag="655"><subfield code="a">Campaign newspapers.</subfield><subfield code="2">ngl</subfield></datafield><datafield ind1=" " ind2=" " tag="752"><subfield code="a">United States</subfield><subfield code="b">Massachusetts</subfield><subfield code="c">Suffolk</subfield><subfield code="d">Boston.</subfield></datafield><datafield ind1="1" ind2=" " tag="775"><subfield code="t">Boston daily courier</subfield><subfield code="w">(DLC)sn 84023125</subfield></datafield><datafield ind1="0" ind2="0" tag="780"><subfield code="t">Constitutional union campaign document</subfield><subfield code="w">(DLC)sn 84023113</subfield></datafield></record>